%% This BibTeX bibliography file was created using BibDesk.
%% http://bibdesk.sourceforge.net/


%% Created for Spencer Smith at 2019-12-06 16:46:03 -0500 


%% Saved with string encoding Unicode (UTF-8) 



@inproceedings{Parnas1978,
	Address = {Piscataway, NJ, USA},
	Author = {David L. Parnas},
	Booktitle = {ICSE '78: Proceedings of the 3rd international conference on Software engineering},
	Date-Added = {2019-12-06 16:45:53 -0500},
	Date-Modified = {2019-12-06 16:45:53 -0500},
	Isbn = {none},
	Location = {Atlanta, Georgia, United States},
	Pages = {264--277},
	Publisher = {IEEE Press},
	Title = {Designing Software for Ease of Extension and Contraction},
	Year = {1978},
	Bdsk-File-1 = {YnBsaXN0MDDSAQIDBFxyZWxhdGl2ZVBhdGhZYWxpYXNEYXRhXxAbLi4vLi4vLi4vcHViL1Bhcm5hczE5NzgucGRmTxEBRAAAAAABRAACAAAMTWFjaW50b3NoIEhEAAAAAAAAAAAAAAAAAAAAAAAAAEJEAAH/////DlBhcm5hczE5NzgucGRmAAAAAAAAAAAAAAAAAAAAAAAAAAAAAAAAAAAAAAAAAAAAAAAAAAAAAAAAAAAAAAAAAP////8AAAAAAAAAAAAAAAAAAwACAAAKIGN1AAAAAAAAAAAAAAAAAANwdWIAAAIAJy86VXNlcnM6c21pdGhzOlJlcG9zOnB1YjpQYXJuYXMxOTc4LnBkZgAADgAeAA4AUABhAHIAbgBhAHMAMQA5ADcAOAAuAHAAZABmAA8AGgAMAE0AYQBjAGkAbgB0AG8AcwBoACAASABEABIAJVVzZXJzL3NtaXRocy9SZXBvcy9wdWIvUGFybmFzMTk3OC5wZGYAABMAAS8AABUAAgAN//8AAAAIAA0AGgAkAEIAAAAAAAACAQAAAAAAAAAFAAAAAAAAAAAAAAAAAAABig==}}

@inproceedings{ParnasEtAl1984,
	Author = {D.L. Parnas and P.C. Clement and D. M. Weiss},
	Booktitle = {International Conference on Software Engineering},
	Date-Added = {2019-12-06 16:45:50 -0500},
	Date-Modified = {2019-12-06 16:45:50 -0500},
	Pages = {408-419},
	Title = {The modular structure of complex systems},
	Year = {1984},
	Bdsk-File-1 = {YnBsaXN0MDDSAQIDBFxyZWxhdGl2ZVBhdGhZYWxpYXNEYXRhXxAfLi4vLi4vLi4vcHViL1Bhcm5hc0V0QWwxOTg0LnBkZk8RAVQAAAAAAVQAAgAADE1hY2ludG9zaCBIRAAAAAAAAAAAAAAAAAAAAAAAAABCRAAB/////xJQYXJuYXNFdEFsMTk4NC5wZGYAAAAAAAAAAAAAAAAAAAAAAAAAAAAAAAAAAAAAAAAAAAAAAAAAAAAAAAAAAAD/////AAAAAAAAAAAAAAAAAAMAAgAACiBjdQAAAAAAAAAAAAAAAAADcHViAAACACsvOlVzZXJzOnNtaXRoczpSZXBvczpwdWI6UGFybmFzRXRBbDE5ODQucGRmAAAOACYAEgBQAGEAcgBuAGEAcwBFAHQAQQBsADEAOQA4ADQALgBwAGQAZgAPABoADABNAGEAYwBpAG4AdABvAHMAaAAgAEgARAASAClVc2Vycy9zbWl0aHMvUmVwb3MvcHViL1Bhcm5hc0V0QWwxOTg0LnBkZgAAEwABLwAAFQACAA3//wAAAAgADQAaACQARgAAAAAAAAIBAAAAAAAAAAUAAAAAAAAAAAAAAAAAAAGe}}


@article{Parnas1972a,
	Author = {David L. Parnas},
	Date-Added = {2019-12-06 16:45:41 -0500},
	Date-Modified = {2019-12-06 16:45:41 -0500},
	Journal = {Comm. ACM},
	Month = dec,
	Number = {2},
	Pages = {1053--1058},
	Title = {On the Criteria To Be Used in Decomposing Systems into Modules},
	Volume = {15},
	Year = {1972},
	Bdsk-File-1 = {YnBsaXN0MDDSAQIDBFxyZWxhdGl2ZVBhdGhZYWxpYXNEYXRhXxAzLi4vLi4vLi4vLi4vV29yay9SZXNlYXJjaC9SZWZlcmVuY2VzL1Bhcm5hczE5NzIucGRmTxEBZgAAAAABZgACAAAMTWFjaW50b3NoIEhEAAAAAAAAAAAAAAAAAAAAAAAAAEJEAAH/////DlBhcm5hczE5NzIucGRmAAAAAAAAAAAAAAAAAAAAAAAAAAAAAAAAAAAAAAAAAAAAAAAAAAAAAAAAAAAAAAAAAP////8AAAAAAAAAAAAAAAAABAAEAAAKIGN1AAAAAAAAAAAAAAAAAApSZWZlcmVuY2VzAAIANi86VXNlcnM6c21pdGhzOldvcms6UmVzZWFyY2g6UmVmZXJlbmNlczpQYXJuYXMxOTcyLnBkZgAOAB4ADgBQAGEAcgBuAGEAcwAxADkANwAyAC4AcABkAGYADwAaAAwATQBhAGMAaQBuAHQAbwBzAGgAIABIAEQAEgA0VXNlcnMvc21pdGhzL1dvcmsvUmVzZWFyY2gvUmVmZXJlbmNlcy9QYXJuYXMxOTcyLnBkZgATAAEvAAAVAAIADf//AAAACAANABoAJABaAAAAAAAAAgEAAAAAAAAABQAAAAAAAAAAAAAAAAAAAcQ=}}

@misc{SRS,
    title={Software Requirements Specification for Software Engineering: Housemates},
    url={https://github.com/DangJustin/CapstoneProject/blob/main/docs/SRS-Volere/SRS.pdf},
    author={Dang, Justin and Hamid, Harris and Morcos, Fady and Ahsan, Rizwan and Afsar, Sheikh},
    year={2023}}





